@article{horta2018dynamics,
  title={Dynamics of financial returns densities: A functional approach applied to the Bovespa intraday index},
  author={Horta, Eduardo and Ziegelmann, Flavio},
  journal={International Journal of Forecasting},
  volume={34},
  number={1},
  pages={75--88},
  year={2018},
  publisher={Elsevier}
}

@article{bathia2010identifying,
  title={Identifying the finite dimensionality of curve time series},
  author={Bathia, Neil and Yao, Qiwei and Ziegelmann, Flavio},
  year={2010}
}

@article{hall2006assessing,
  title={Assessing the finite dimensionality of functional data},
  author={Hall, Peter and Vial, C{\'e}line},
  journal={Journal of the Royal Statistical Society Series B: Statistical Methodology},
  volume={68},
  number={4},
  pages={689--705},
  year={2006},
  publisher={Oxford University Press}
}

@article{rydberg2000realistic,
  title={Realistic statistical modelling of financial data},
  author={Rydberg, Tina Hviid},
  journal={International Statistical Review},
  volume={68},
  number={3},
  pages={233--258},
  year={2000},
  publisher={Wiley Online Library}
}

@article{ghysels2011volatility,
  title={Volatility forecasting and microstructure noise},
  author={Ghysels, Eric and Sinko, Arthur},
  journal={Journal of Econometrics},
  volume={160},
  number={1},
  pages={257--271},
  year={2011},
  publisher={Elsevier}
}

@book{genccay2001introduction,
  title={An introduction to high-frequency finance},
  author={Gen{\c{c}}ay, Ramazan and Dacorogna, Michel and Muller, Ulrich A and Pictet, Olivier and Olsen, Richard},
  year={2001},
  publisher={Elsevier}
}

@article{muller1998heavy,
  title={Heavy tails in high-frequency financial data},
  author={M{\"u}ller, Ulrich A and Dacorogna, Michel M and Pictet, Olivier V},
  journal={A practical guide to heavy tails: Statistical techniques and applications},
  pages={55--78},
  year={1998},
  publisher={Boston, MA: Birkh{\"a}user Boston, Inc}
}

@inproceedings{dabo2008functional,
  title={Functional linear regression with functional response: application to prediction of electricity consumption},
  author={Dabo-Niang, Sophie and Ferraty, Fr{\'e}d{\'e}ric and Antoch, Jarom{\'\i}r and Prchal, Lubo{\v{s}} and De Rosa, Maria Rosaria and Sarda, Pascal},
  booktitle={Functional and Operatorial Statistics},
  pages={23--29},
  year={2008},
  organization={Springer}
}

@article{benko2009common,
  title={Common functional principal components},
  author={Benko, Michal and H{\"a}rdle, Wolfgang and Kneip, Alois},
  year={2009}
}

@book{bosq2000linear,
  title={Linear processes in function spaces: theory and applications},
  author={Bosq, Denis},
  volume={149},
  year={2000},
  publisher={Springer Science \& Business Media}
}

@book{ferraty2006nonparametric,
  title={Nonparametric functional data analysis},
  author={Ferraty, Fr{\'e}d{\'e}ric},
  year={2006},
  publisher={Springer}
}

@article{dauxois1982asymptotic,
  title={Asymptotic theory for the principal component analysis of a vector random function: some applications to statistical inference},
  author={Dauxois, Jacques and Pousse, Alain and Romain, Yves},
  journal={Journal of multivariate analysis},
  volume={12},
  number={1},
  pages={136--154},
  year={1982},
  publisher={Elsevier}
}

@article{ferraty2003curves,
  title={Curves discrimination: a nonparametric functional approach},
  author={Ferraty, Fr{\'e}d{\'e}ric and Vieu, Philippe},
  journal={Computational Statistics \& Data Analysis},
  volume={44},
  number={1-2},
  pages={161--173},
  year={2003},
  publisher={Elsevier}
}

@article{besse1986principal,
  title={Principal components analysis of sampled functions},
  author={Besse, Philippe and Ramsay, James O},
  journal={Psychometrika},
  volume={51},
  number={2},
  pages={285--311},
  year={1986},
  publisher={Springer-Verlag}
}

@article{ramsay1991some,
  title={Some tools for functional data analysis},
  author={Ramsay, James O and Dalzell, CJ1125714},
  journal={Journal of the Royal Statistical Society Series B: Statistical Methodology},
  volume={53},
  number={3},
  pages={539--561},
  year={1991},
  publisher={Oxford University Press}
}

@book{ramsay2002applied,
  title={Applied functional data analysis: methods and case studies},
  author={Ramsay, James O and Silverman, Bernard W},
  year={2002},
  publisher={Springer}
}

@article{aue2015prediction,
  title={On the prediction of stationary functional time series},
  author={Aue, Alexander and Norinho, Diogo Dubart and H{\"o}rmann, Siegfried},
  journal={Journal of the American Statistical Association},
  volume={110},
  number={509},
  pages={378--392},
  year={2015},
  publisher={Taylor \& Francis}
}

@article{petersen2016functional,
  title={Functional data analysis for density functions by transformation to a Hilbert space},
  author={Petersen, Alexander and M{\"u}ller, Hans-Georg},
  year={2016}
}

@article{hron2016simplicial,
  title={Simplicial principal component analysis for density functions in Bayes spaces},
  author={Hron, Karel and Menafoglio, Alessandra and Templ, Matthias and Hr{\uu}zov{\'a}, Kl{\'a}ra and Filzmoser, Peter},
  journal={Computational Statistics \& Data Analysis},
  volume={94},
  pages={330--350},
  year={2016},
  publisher={Elsevier}
}

@incollection{hormann2012functional,
  title={Functional time series},
  author={H{\"o}rmann, Siegfried and Kokoszka, Piotr},
  booktitle={Handbook of statistics},
  volume={30},
  pages={157--186},
  year={2012},
  publisher={Elsevier}
}

@book{ramsay2005functional,
  title={Functional Data Analysis},
  author={Ramsay, J. and Silverman, B.W.},
  isbn={9780387400808},
  lccn={2005923773},
  series={Springer Series in Statistics},
  url={https://books.google.com.br/books?id=mU3dop5wY_4C},
  year={2005},
  publisher={Springer}
}

@book{ramsay2009FDAwithR,
author = {Ramsay, J. O. and Hooker, Giles and Graves, Spencer},
title = {Functional Data Analysis with R and MATLAB},
year = {2009},
isbn = {0387981845},
publisher = {Springer Publishing Company, Incorporated},
edition = {1st},
abstract = {Scientists often collect samples of curves and other functional observations, and develop models where parameters are also functions. This volume in the UseR! Series is aimed at a wide range of readers, and especially those who would like apply these techniques to their research problems. It complements Functional Data Analysis, Second Edition and Applied Functional Data Analysis: Methods and Case Studies by providing computer code in both the R and Matlab languages for a set of data analyses that showcase functional data analysis techniques. The authors make it easy to get up and running in new applications by adapting the code for the examples, and by being able to access the details of key functions within these pages. This book is accompanied by additional web-based support at http://www.functionaldata.org for applying existing functions and developing new ones in either language. The companion 'fda' package for R includes script files to reproduce nearly all the examples in the book including all but one of the 76 figures.}
}

@article{dabo2024uncovering,
  title={Uncovering data across continua: An introduction to functional data analysis},
  author={Dabo-Niang, Sophie and Fr{\'e}vent, Camille},
  journal={BRIN MATHEMATICS RESEARCH CENTER},
  volume={71},
  number={7},
  pages={869},
  year={2024}
}

@article{gertheiss2024,
author = {Gertheiss, Jan and RÃ¼gamer, David and Liew, Bernard X. W. and Greven, Sonja},
title = {Functional Data Analysis: An Introduction and Recent Developments},
journal = {Biometrical Journal},
volume = {66},
number = {7},
pages = {e202300363},
keywords = {curve data, functional regression, image data, longitudinal data analysis, object-oriented data analysis},
doi = {https://doi.org/10.1002/bimj.202300363},
url = {https://onlinelibrary.wiley.com/doi/abs/10.1002/bimj.202300363},
eprint = {https://onlinelibrary.wiley.com/doi/pdf/10.1002/bimj.202300363},
abstract = {ABSTRACT Functional data analysis (FDA) is a statistical framework that allows for the analysis of curves, images, or functions on higher dimensional domains. The goals of FDA, such as descriptive analyses, classification, and regression, are generally the same as for statistical analyses of scalar-valued or multivariate data, but FDA brings additional challenges due to the high- and infinite dimensionality of observations and parameters, respectively. This paper provides an introduction to FDA, including a description of the most common statistical analysis techniques, their respective software implementations, and some recent developments in the field. The paper covers fundamental concepts such as descriptives and outliers, smoothing, amplitude and phase variation, and functional principal component analysis. It also discusses functional regression, statistical inference with functional data, functional classification and clustering, and machine learning approaches for functional data analysis. The methods discussed in this paper are widely applicable in fields such as medicine, biophysics, neuroscience, and chemistry and are increasingly relevant due to the widespread use of technologies that allow for the collection of functional data. Sparse functional data methods are also relevant for longitudinal data analysis. All presented methods are demonstrated using available software in R by analyzing a dataset on human motion and motor control. To facilitate the understanding of the methods, their implementation, and hands-on application, the code for these practical examples is made available through a code and data supplement and on GitHub.},
year = {2024}
}

@article{hyndmanUllah2007,
  title={Robust forecasting of mortality and fertility rates: A functional data approach},
  author={Hyndman, Rob J and Ullah, Md Shahid},
  journal={Computational Statistics \& Data Analysis},
  volume={51},
  number={10},
  pages={4942--4956},
  year={2007},
  publisher={Elsevier}
}

@article{kokoszkaReimherr2013,
  title={Determining the order of the functional autoregressive model},
  author={Kokoszka, Piotr and Reimherr, Matthew},
  journal={Journal of Time Series Analysis},
  volume={34},
  number={1},
  pages={116--129},
  year={2013},
  publisher={Wiley Online Library}
}


@article{cont2001empirical,
  title={Empirical properties of asset returns: stylized facts and statistical issues},
  author={Cont, Rama},
  journal={Quantitative Finance},
  volume={1},
  number={2},
  pages={223--236},
  year={2001},
  publisher={Taylor \& Francis}
}

@book{fan2003nonlinear,
  title={Nonlinear time series: Nonparametric and parametric methods},
  author={Fan, Jianqing and Yao, Qiwei},
  year={2003},
  publisher={Springer Science \& Business Media}
}

@phdthesis{prause1999generalized,
  title={The generalized hyperbolic model: Estimation, financial derivatives, and risk measures},
  author={Prause, Karsten},
  school={University of Freiburg},
  year={1999}
}

@article{nolan2003modeling,
  title={Modeling financial data with stable distributions},
  author={Nolan, John P},
  journal={Handbook of Heavy Tailed Distributions in Finance},
  pages={105--130},
  year={2003},
  publisher={Elsevier}
}

@article{engle1998autoregressive,
  title={Autoregressive conditional duration: a new model for irregularly spaced transaction data},
  author={Engle, Robert F and Russell, Jeffrey R},
  journal={Econometrica},
  volume={66},
  number={5},
  pages={1127--1162},
  year={1998},
  publisher={Wiley Online Library}
}

@book{cartea2015algorithmic,
  title={Algorithmic and high-frequency trading},
  author={Cartea, Ãlvaro and Jaimungal, Sebastian and Penalva, JosÃ©},
  year={2015},
  publisher={Cambridge University Press}
}

@article{pearson1901lines,
  title={On lines and planes of closest fit to systems of points in space},
  author={Pearson, Karl},
  journal={Philosophical Magazine},
  volume={2},
  number={11},
  pages={559--572},
  year={1901},
  publisher={Taylor \& Francis}
}

@article{hotelling1936relations,
  title={Relations between two sets of variates},
  author={Hotelling, Harold},
  journal={Biometrika},
  volume={28},
  number={3/4},
  pages={321--377},
  year={1936},
  publisher={Oxford University Press}
}

@article{fisher1936use,
  title={The use of multiple measurements in taxonomic problems},
  author={Fisher, Ronald A},
  journal={Annals of Eugenics},
  volume={7},
  number={2},
  pages={179--188},
  year={1936},
  publisher={Wiley Online Library}
}

@book{anderson1958introduction,
  title={An Introduction to Multivariate Statistical Analysis},
  author={Anderson, T. W.},
  year={1958},
  publisher={Wiley}
}

@book{tatsuoka1971multivariate,
  title={Multivariate Analysis: Techniques for Educational and Psychological Research},
  author={Tatsuoka, Maurice M.},
  year={1971},
  publisher={Macmillan}
}

@book{ramsay2005functional,
  title={Functional Data Analysis},
  author={Ramsay, James O and Silverman, Bernard W},
  year={2005},
  publisher={Springer},
  edition={2nd}
}

@article{ramsay1982fitting,
  title={Fitting functional models to data},
  author={Ramsay, James O},
  journal={Psychometrika},
  volume={47},
  number={3},
  pages={365--386},
  year={1982},
  publisher={Springer}
}

@book{ferraty2006nonparametric,
  title={Nonparametric Functional Data Analysis: Theory and Practice},
  author={Ferraty, FrÃ©dÃ©ric and Vieu, Philippe},
  year={2006},
  publisher={Springer}
}

@article{ramsay1991some,
  title={Some statistical approaches to the analysis of growth curves},
  author={Ramsay, James O and Silverman, Bernard W},
  journal={International Statistical Review},
  volume={59},
  number={2},
  pages={179--199},
  year={1991},
  publisher={Wiley}
}


@article{aitchison1982statistical,
  title={The statistical analysis of compositional data},
  author={Aitchison, John},
  journal={Journal of the Royal Statistical Society: Series B (Methodological)},
  volume={44},
  number={2},
  pages={139--160},
  year={1982},
  publisher={Wiley}
}

@book{aitchison1986statistical,
  title={The Statistical Analysis of Compositional Data},
  author={Aitchison, John},
  year={1986},
  publisher={Chapman and Hall},
  address={London}
}

@article{egozcue2003isometric,
  title={Isometric logratio transformations for compositional data analysis},
  author={Egozcue, Juan J and Pawlowsky-Glahn, Vera and Mateu-Figueras, Gloria and Barcel{\'o}-Vidal, Carles},
  journal={Mathematical Geology},
  volume={35},
  number={3},
  pages={279--300},
  year={2003},
  publisher={Springer}
}

@book{pawlowsky2015modelling,
  title={Modelling and Analysis of Compositional Data},
  author={Pawlowsky-Glahn, Vera and Egozcue, Juan J and Tolosana-Delgado, Raimon},
  year={2015},
  publisher={John Wiley \& Sons}
}

@article{van2013analyzing,
  title={Analyzing compositional data with R},
  author={Van den Boogaart, K Gerald and Tolosana-Delgado, Raimon},
  journal={Springer},
  year={2013}
}

@article{greenacre2018compositional,
  title={Compositional data analysis: recent advances},
  author={Greenacre, Michael},
  journal={Wiley Interdisciplinary Reviews: Computational Statistics},
  volume={10},
  number={5},
  pages={e1441},
  year={2018},
  publisher={Wiley}
}


@article{egozcue2006hilbert,
  title={Hilbert space of probability density functions based on Aitchison geometry},
  author={Egozcue, Juan J. and D{\'\i}az-Barrero, Joaquim L. and Pawlowsky-Glahn, Vera},
  journal={Acta Mathematica Sinica, English Series},
  volume={22},
  number={4},
  pages={1175--1182},
  year={2006},
  publisher={Springer}
}

@article{delicado2011compositional,
  title={Compositional functional data analysis with application to time of use electricity data},
  author={Delicado, Pedro and Egozcue, Juan J.},
  journal={Statistical Modelling},
  volume={11},
  number={6},
  pages={535--552},
  year={2011},
  publisher={SAGE}
}

@article{talska2018principal,
  title={Principal component analysis for densities in Bayes spaces},
  author={Talska, Radoslava and Hron, Karel and Filzmoser, Peter and Kolb, Julia},
  journal={Statistical Modelling},
  volume={18},
  number={6},
  pages={512--534},
  year={2018},
  publisher={SAGE}
}